
@article{jabbar2022blockchain,
  author = {Jabbar, R. and others},
  title = {Blockchain Technology for Intelligent Transportation Systems: A Systematic Literature Review},
  journal = {IEEE Access},
  volume = {10},
  pages = {20995-21031},
  year = {2022},
  doi = {10.1109/ACCESS.2022.3149958},
}


@misc{bell_proof-of-stake,
  author = {Bell, M.},
  title = {Proof-of-stake bitcoin sidechains},
  howpublished = {\url{https://gist.github.com/mappum/da11e37f4e90891642a52621594d03f6}},
  month = {June},
  year = {2021},
}

@misc{protocollabs_ipfs,
  author = {{Protocol Labs}},
  title = {{IPFS powers the distributed web}},
  howpublished = {{\url{https://ipfs.io/}}},
}

@article{angraal2017blockchain,
  title={Blockchain Technology Applications in Health Care},
  author={Angraal, S. and Krumholz, H.M. and Schulz, W.L.},
  journal={Circulation: Cardiovascular Quality and Outcomes},
  volume={10},
  pages={e003800},
  year={2017},
  doi={10.1161/CIRCOUTCOMES.117.003800}
}

@inproceedings{mettler2016blockchain,
  title={Blockchain Technology in Healthcare: The Revolution Starts Here},
  author={Mettler, M.},
  booktitle={Proceedings of the 2016 IEEE 18th International Conference on E-Health Networking, Applications and Services (Healthcom)},
  year={2016},
  pages={520--522},
  month={September},
  address={Munich, Germany},
  doi={10.1109/HealthCom.2016.7749442}
}

@inproceedings{azaria2016medrec,
  title={MedRec: Using Blockchain for Medical Data Access and Permission Management},
  author={Azaria, A. and Ekblaw, A. and Vieira, T. and Lippman, A.},
  booktitle={Proceedings of the 2016 2nd International Conference on Open and Big Data (OBD)},
  year={2016},
  pages={25--30},
  month={August},
  address={Vienna, Austria},
  doi={10.1109/OBD.2016.17}
}

@article{engelhardt2017hitching,
  title={Hitching Healthcare to the Chain: An Introduction to Blockchain Technology in the Healthcare Sector},
  author={Engelhardt, M.A.},
  journal={Technological Innovation Management Review},
  year={2017},
  volume={7},
  pages={22--34}
}

@inproceedings{nguyen2018,
  author = {Nguyen, T. Le},
  title = {Title of the Paper},
  booktitle = {2018 Portland International Conference on Management of Engineering and Technology (PICMET)},
  year = {2018},
  month = {Aug},
  pages = {1-6},
  organization = {IEEE}
}

@inproceedings{kumar2020,
  author = {Kumar, R. and Marchang, N. and Tripathi, R.},
  title = {Title of the Paper},
  booktitle = {2020 International Conference on COMmunication Systems \& NETworkS (COMSNETS)},
  year = {2020},
  month = {Jan 7},
  pages = {1-5},
  organization = {IEEE}
}

@online{ethereum_whitepaper,
  title = {Ethereum-White Paper},
  howpublished = {Accessed: Jun. 5, 2019},
  note = {\url{https://github.com/ethereum/wiki/wiki/White-Paper}},
  urldate = {2019-06-05},
}

@online{eosio_cleos,
  title = {Eosio-Cleos/Cleos-Set},
  howpublished = {Accessed: Jul. 10, 2019},
  note = {\url{https://developers.eos.io/eosio-cleos/v1.2.0/reference#cleos-set}},
  urldate = {2019-07-10},
}

@online{neocontract_whitepaper,
  title = {Neocontract White Paper},
  howpublished = {Accessed: Oct. 24, 2019},
  note = {\url{https://docs.neo.org/docs/en-us/basic/technology/neocontract.html}},
  urldate = {2019-10-24},
}

@online{eosio_api,
  title = {EOSIO API},
  howpublished = {Accessed: Oct. 24, 2019},
  url = {https://eosio.github.io/eosio.cdt/latest/modules},
  note = {[Online]. Available: \url{https://eosio.github.io/eosio.cdt/latest/modules}},
  urldate = {2019-10-24},
}

@article{pease_reaching_1980,
  author = {Pease, Marshall and Shostak, Robert and Lamport, Leslie},
  title = {Reaching Agreement in the Presence of Faults},
  journal = {Journal of the ACM (JACM)},
  volume = {27},
  number = {2},
  pages = {228--234},
  month = {April},
  year = {1980},
}

@article{kemmoe_recent_2020,
  author = {Kemmoe, Victor Yap and Stone, William and Kim, Juhong and Kim, Donghoon and Son, Junseok},
  title = {Recent Advances in Smart Contracts: A Technical Overview and State of the Art},
  journal = {IEEE Access},
  volume = {8},
  pages = {117782--117801},
  year = {2020},
  doi = {10.1109/ACCESS.2020.3005020},
}

@inproceedings{pass_hybrid_2017,
  author = {Pass, Rafael and Shi, Elaine},
  title = {Hybrid Consensus: Efficient Consensus in the Permissionless Model},
  booktitle = {Proceedings of the 31st International Symposium on Distributed Computing (DISC)},
  series = {Leibniz International Proceedings in Informatics (LIPIcs)},
  editor = {Richa, Andréa W.},
  volume = {91},
  pages = {39:1--39:16},
  publisher = {Schloss Dagstuhl--Leibniz-Zentrum fuer Informatik},
  address = {Dagstuhl, Germany},
  year = {2017},
  url = {http://drops.dagstuhl.de/opus/volltexte/2017/8004},
  doi = {10.4230/LIPIcs.DISC.2017.39},
}


@article{wu_hybrid_2020,
  author = {Wu, Yusheng and Song, Peng and Wang, Feng},
  title = {Hybrid Consensus Algorithm Optimization: A Mathematical Method Based on POS and PBFT and Its Application in Blockchain},
  journal = {Mathematical Problems in Engineering},
  volume = {2020},
  pages = {1--13},
  year = {2020},
  month = {Apr.},
  doi = {10.1155/2020/7270624},
}

@article{nguyen_survey_2018,
  author = {Nguyen, Gia-Tuan and Kim, Kiseok},
  title = {A Survey about Consensus Algorithms Used in Blockchain},
  journal = {Journal of Information Processing Systems},
  volume = {14},
  number = {1},
  pages = {101--128},
  year = {2018},
}

@online{solidity_doc,
  title        = {Solidity Documentation},
  organization = {{Solidity}},
  url          = {https://solidity.readthedocs.io},
  note = {\url{https://solidity.readthedocs.io}}
}


@article{dmitry_roschin_blockchain,
  author  = {Dmitry, E. and Roschin, P.},
  title   = {The all-pervasiveness of the blockchain technology},
  journal = {Procedia Comput. Sci.},
  year    = {2018},
  volume  = {123},
  pages   = {116--121},
  doi     = {10.1016/j.procs.2018.09.133},
}

@inproceedings{shuai_smart_contract,
  author    = {Shuai, W. and Yuan, Y. and Wang, X. and Li, J. and Qin, R. and Wang, F.-Y.},
  title     = {An overview of smart contract: Architecture, applications, and future trends},
  booktitle = {Proceedings of the 2018 IEEE Intelligent Vehicles Symposium (IV)},
  address   = {Changshu, China},
  year      = {2018},
  pages     = {26--30 June},
  doi       = {10.1109/IVS.2018.8500539},
}


@inproceedings{everett_kevm,
  author    = {Everett, H. and Saxena, M. and Rodrigues, N. and Zhu, X. and Daian, P. and Guth, D. and Moore, B.},
  title     = {Kevm: A complete formal semantics of the ethereum virtual machine},
  booktitle = {Proceedings of the 2018 IEEE 31st Computer Security Foundations Symposium (CSF)},
  address   = {Oxford, UK},
  year      = {2018},
  pages     = {9--12 July},
  doi       = {10.1109/CSF.2018.00006},
}

@inproceedings{ahmed_hawk,
  author    = {Ahmed, K. and Miller, A. and Shi, E. and Wen, Z. and Papamanthou, C.},
  title     = {Hawk: The blockchain model of cryptography and privacy-preserving smart contracts},
  booktitle = {Proceedings of the IEEE Symposium on Security and Privacy (SP)},
  address   = {San Jose, CA, USA},
  year      = {2016},
  pages     = {22--26 May},
  doi       = {10.1109/SP.2016.20},
}

@book{imran_mastering_blockchain,
  author    = {Imran, B.},
  title     = {Mastering Blockchain: Distributed Ledger Technology, Decentralization, and Smart Contracts Explained},
  publisher = {Packt Publishing Ltd.},
  address   = {Birmingham, UK},
  year      = {2018},
}

@article{khaled_blockchain_ai,
  author  = {Khaled, S. and Rehman, M.H.U. and Nizamuddin, N. and Al-Fuqaha, A.},
  title   = {Blockchain for AI: Review and open research challenges},
  journal = {IEEE Access},
  year    = {2019},
  volume  = {7},
  pages   = {10127--10149},
  doi     = {10.1109/ACCESS.2019.2893379},
}

@article{christian_smart_contract_lifecycle,
  author  = {Christian, S. and Waltl, B. and Sillaber, C. and Waltl, B.},
  title   = {Life cycle of smart contracts in blockchain ecosystems},
  journal = {Datenschutz Und Datensicherheit-DuD},
  year    = {2017},
  volume  = {41},
  pages   = {497--500},
}


@inproceedings{massimo_smart_contract_analysis,
  author    = {Massimo, B. and Pompianu, L.},
  title     = {An empirical analysis of smart contracts: Platforms, applications, and design patterns},
  booktitle = {Proceedings of the International Conference on Financial Cryptography and Data Security},
  address   = {Sliema, Malta},
  year      = {2017},
  pages     = {3--7 April},
}

@article{pierluigi_smart_contracts,
  author  = {Pierluigi, C.},
  title   = {Beyond bitcoin: An early overview on smart contracts},
  journal = {Int. J. Law Inf. Technol.},
  year    = {2017},
  volume  = {25},
  pages   = {179--195},
}

@article{steve_cryptocurrencies_smart_contracts,
  author  = {Steve, O.},
  title   = {Cryptocurrencies, smart contracts, and artificial intelligence},
  journal = {AI Matters},
  year    = {2014},
  volume  = {1},
  pages   = {19--21},
}


@article{natalie_blockchain_media_sector,
  title={The Blockchain Technology in the Media Sector},
  author={Buciek, Natalie and Sandner, Philipp},
  journal={Media Trust in a Digital World: Communication at Crossroads},
  pages={207--218},
  year={2019},
  publisher={Springer}
}


@inproceedings{merkle_digital_signature,
  author    = {Merkle, Ralph C.},
  title     = {A digital signature based on a conventional encryption function},
  booktitle = {Advances in Cryptology — CRYPTO ’87},
  editor    = {Pomerance, Carl},
  year      = {1988},
  publisher = {Springer Berlin Heidelberg},
  address   = {Berlin, Heidelberg},
  pages     = {369--378},
}



@inproceedings{nour2018egovdao,
  title={eGov-DAO: A better government using blockchain based decentralized autonomous organization},
  author={Diallo, Nour and Shi, Weidong and Xu, Lei and Gao, Zhimin and Chen, Lin and Lu, Yang and Shah, Nolan and Carranco, Larry and Le, Ton-Chanh and Surez, Abraham Bez and others},
  booktitle={2018 International Conference on eDemocracy \& eGovernment (ICEDEG)},
  pages={166--171},
  year={2018},
  organization={IEEE}
}


@article{mark2004contracting,
  title={Does contracting out increase the efficiency of government programs? Evidence from Medicaid HMOs},
  author={Mark, D.},
  journal={Journal of Public Economics},
  year={2004},
  volume={88},
  pages={2549--2572},
}

@inproceedings{mossberg2019manticore,
  title={Manticore: A user-friendly symbolic execution framework for binaries and smart contracts},
  author={Mossberg, Mark and Manzano, Felipe and Hennenfent, Eric and Groce, Alex and Grieco, Gustavo and Feist, Josselin and Brunson, Trent and Dinaburg, Artem},
  booktitle={2019 34th IEEE/ACM International Conference on Automated Software Engineering (ASE)},
  pages={1186--1189},
  year={2019},
  organization={IEEE}
}

@inproceedings{chen2020soda,
  title={SODA: A Generic Online Detection Framework for Smart Contracts.},
  author={Chen, Ting and Cao, Rong and Li, Ting and Luo, Xiapu and Gu, Guofei and Zhang, Yufei and Liao, Zhou and Zhu, Hang and Chen, Gang and He, Zheyuan and others},
  booktitle={NDSS},
  year={2020}
}


@inproceedings{bez2019scalability,
  title={The scalability challenge of ethereum: An initial quantitative analysis},
  author={Bez, Mirko and Fornari, Giacomo and Vardanega, Tullio},
  booktitle={2019 IEEE International Conference on Service-Oriented System Engineering (SOSE)},
  pages={167--176},
  year={2019},
  organization={IEEE}
}

@article{abdulhakeem2021powered,
  title={Powered by Blockchain technology, DeFi (Decentralized Finance) strives to increase financial inclusion of the unbanked by reshaping the world financial system},
  author={Abdulhakeem, Saif Ahmed and Hu, Qiuling and others},
  journal={Modern Economy},
  volume={12},
  number={01},
  pages={1},
  year={2021},
  publisher={Scientific Research Publishing}
}


@book{raval2016decentralized,
  title={Decentralized applications: harnessing Bitcoin's blockchain technology},
  author={Raval, Siraj},
  year={2016},
  publisher={" O'Reilly Media, Inc."}
}

@misc{webauthnguide,
  title = "WebAuthn Guide",
  howpublished = {\url{https://webauthn.guide/}},
}

@online{webassemblywiki,
  title = {WebAssembly},
  author = {{WebAssembly}},
  year = {Accessed 2023},
  url = {\url{https://webassembly.org/}}, 
  note = {\url{https://webassembly.org/}}
}



@online{principalwiki,
  title = {Understanding Security Principals},
  author = {Microsoft},
  organization = {Microsoft Corporation},
  url = {https://learn.microsoft.com/en-us/windows-server/identity/ad-ds/manage/understand-security-principals},
  note = {\url{https://learn.microsoft.com/en-us/windows-server/identity/ad-ds/manage/understand-security-principals}},
  year = {Accessed 2023}
}


@misc{InternetComputerNNS,
    title = {Internet Computer - Network Nervous System},
    howpublished = {\url{https://internetcomputer.org/nns}},
    note = {Accessed on May 25, 2023}
}
